<?xml version="1.0" encoding="utf-8"?>
<record xmlns="http://www.loc.gov/MARC21/slim" xmlns:xsi="http://www.w3.org/2001/XMLSchema-instance" xsi:schemaLocation="http://www.loc.gov/MARC21/slim http://www.loc.gov/standards/marcxml/schema/MARC21slim.xsd">
	<leader>     nam a22        4500</leader>
	<controlfield tag="001">b13349120</controlfield>
	<controlfield tag="003">LeBAU</controlfield>
	<controlfield tag="006">m        d        </controlfield>
	<controlfield tag="007">cr cn |||m|||a</controlfield>
	<controlfield tag="008">180126s1928    ua      ob    ||0 0 ara d</controlfield>
	<datafield ind1=" " ind2=" " tag="037">
		<subfield code="b">Dr. Najla Abu Izzeddin</subfield>
		<subfield code="z">34300</subfield>
	</datafield>
	<datafield ind1=" " ind2=" " tag="040">
		<subfield code="a">NNU</subfield>
		<subfield code="b">ara</subfield>
		<subfield code="e">rda</subfield>
		<subfield code="c">NNU</subfield>
	</datafield>
	<datafield ind1="0" ind2="4" tag="082">
		<subfield code="a">297.09</subfield>
		<subfield code="2">22</subfield>
	</datafield>
	<datafield ind1="1" ind2=" " tag="100">
		<subfield code="6">880-01</subfield>
		<subfield code="a">Amīn, Aḥmad,</subfield>
		<subfield code="d">1886-1954,</subfield>
		<subfield code="e">author.</subfield>
	</datafield>
	<datafield ind1="1" ind2="0" tag="245">
		<subfield code="6">880-02</subfield>
		<subfield code="a">Fajr al-Islām :</subfield>
		<subfield code="b">kitāb fī thalā̄that ajzāʼ yabḥathu ʻan al-ḥālah al-ʻaqlīyah wa-al-siyāsīyah wa-al-adabīyah fī ṣ̣adr al-Islām ilá ākhir al-dawlah al-Umawīyah /</subfield>
		<subfield code="c">ishtaraka fī taʼlīfihi Ṭāhā Ḥusayn, wa-Aḥmad Amīn, wa-ʻAbd al-Ḥamīd al-ʻAbbadī.</subfield>
	</datafield>
	<datafield ind1="3" ind2=" " tag="246">
		<subfield code="a">فجر الإسلام :</subfield>
		<subfield code="b">كتاب في ثلاثة أجزاء يبحث عن الحالة العقلية والسياسية والأدبية في صدر الإسلام إلى آخر الدولة الأموية</subfield>
	</datafield>
	<datafield ind1=" " ind2="1" tag="264">
		<subfield code="6">880-03</subfield>
		<subfield code="a">Miṣr :</subfield>
		<subfield code="b">Lajnat al-Ta’līf wa-al-Tarjamah wa-al-Nashr,</subfield>
		<subfield code="c">1347 [H.] = 1928 [M.]</subfield>
	</datafield>
	<datafield ind1=" " ind2=" " tag="300">
		<subfield code="6">880-04</subfield>
		<subfield code="a">online resource (d-ṣ, 355, 4 pages)</subfield>
	</datafield>
	<datafield ind1=" " ind2=" " tag="336">
		<subfield code="a">text</subfield>
		<subfield code="2">rdacontent</subfield>
	</datafield>
	<datafield ind1=" " ind2=" " tag="337">
		<subfield code="a">computer</subfield>
		<subfield code="2">rdamedia</subfield>
	</datafield>
	<datafield ind1=" " ind2=" " tag="338">
		<subfield code="a">online resource</subfield>
		<subfield code="2">rdacarrier</subfield>
	</datafield>
	<datafield ind1=" " ind2=" " tag="500">
		<subfield code="a">لم يتم إصدار جزء آخر من هذا الكتاب.</subfield>
	</datafield>
	<datafield ind1=" " ind2=" " tag="500">
		<subfield code="a">&quot;إختص كل بكتابة جزء في ناحية من هذه النواحي الثلاث.&quot;</subfield>
	</datafield>
	<datafield ind1=" " ind2=" " tag="500">
		<subfield code="a">&quot;إلا أن طه حسين والعبادي لم يستكملا كتابة نصيبهما من هذا المشروع البحثي. يقول أحمد أمين: لقد عاقت زميلي عوائق عن إخراج نصيبهما، فاستمررت أنا في إخراج ضحى الإسلام، في ثلاثة أجزاء وترقيت في منهج التأليف في ضحى الإسلام...&quot;  </subfield>
	</datafield>
	<datafield ind1=" " ind2=" " tag="500">
		<subfield code="a">Part of the Arabic Collections Online (ACO) project, contributed by American University of Beirut's Jafet Memorial Library.</subfield>
	</datafield>
	<datafield ind1=" " ind2=" " tag="504">
		<subfield code="a">يتضمن مراجع ببليوغرافية.</subfield>
	</datafield>
	<datafield ind1="0" ind2=" " tag="505">
		<subfield code="t">فجر الإسلام:</subfield>
		<subfield code="g">الجزء الأول.</subfield>
		<subfield code="t">في الحياة العقلية /</subfield>
		<subfield code="r">أحمد أمين.</subfield>
	</datafield>
	<datafield ind1="4" ind2=" " tag="510">
		<subfield code="a">هذه المعلومة أخذت من موقع ويكيبيديا . تاريخ زيارة الموقع  (12/06/2014) </subfield>
		<subfield code="u">http://ar.wikipedia.org/wiki/فجر_الإسلام_(كتاب</subfield>
	</datafield>
	<datafield ind1=" " ind2=" " tag="533">
		<subfield code="a">Electronic reproduction.</subfield>
		<subfield code="b">New York, N.Y. :</subfield>
		<subfield code="c">New York University,</subfield>
		<subfield code="d">2018.</subfield>
		<subfield code="5">NNU</subfield>
	</datafield>
	<datafield ind1=" " ind2=" " tag="590">
		<subfield code="a">صفحة عنوان نسخة الأرشيف والمجموعات الخاصة مصورة.</subfield>
	</datafield>
	<datafield ind1=" " ind2="4" tag="650">
		<subfield code="a">الحضارة الاسلامية</subfield>
		<subfield code="x">تاريخ.</subfield>
	</datafield>
	<datafield ind1=" " ind2="0" tag="650">
		<subfield code="a">Islamic civilization</subfield>
		<subfield code="x">History.</subfield>
	</datafield>
	<datafield ind1=" " ind2="4" tag="651">
		<subfield code="a">الامبراطورية الاسلامية</subfield>
		<subfield code="x">تاريخ.</subfield>
	</datafield>
	<datafield ind1=" " ind2="0" tag="651">
		<subfield code="a">Islamic Empire</subfield>
		<subfield code="x">History.</subfield>
	</datafield>
	<datafield ind1="2" ind2=" " tag="710">
		<subfield code="a">Jafet Memorial Library.</subfield>
	</datafield>
	<datafield ind1="0" ind2=" " tag="730">
		<subfield code="a">Arabic Collections Online.</subfield>
	</datafield>
	<datafield ind1="0" ind2=" " tag="775">
		<subfield code="6">880-05</subfield>
		<subfield code="t">Fajr al-Islām: yabḥathu ʻan al-ḥālah al-ʻaqlīyah wa-al-siyāsīyah wa-al-adabīyah fī ṣ̣adr al-Islām ilá ākhir al-dawlah al-Umawīyah.</subfield>
		<subfield code="b">al-Ṭab‘ah al-sādisah</subfield>
		<subfield code="d">al-Qāhirah : Maktabat al-Nahḍah al-Miṣrīyah, 1950</subfield>
		<subfield code="w">(OCoLC)784211806</subfield>
		<subfield code="w">(OCoLC)784211806</subfield>
	</datafield>
	<datafield ind1="0" ind2=" " tag="775">
		<subfield code="6">880-06</subfield>
		<subfield code="t">Fajr al-Islām.</subfield>
		<subfield code="b">al-Ṭab‘ah al-ūlá</subfield>
		<subfield code="d">Bayrūt : Dār al-Kutub al-‘Ilmīyah, 2004</subfield>
		<subfield code="w">(OCoLC)784555599</subfield>
		<subfield code="w">(OCoLC)784555599</subfield>
	</datafield>
	<datafield ind1="0" ind2="8" tag="776">
		<subfield code="i">Print version:</subfield>
		<subfield code="a">Amīn, Aḥmad, 1886-1954, author.</subfield>
		<subfield code="t">Fajr al-Islām</subfield>
		<subfield code="w">(LeBAU)b13349120</subfield>
	</datafield>
	<datafield ind1="4" ind2="0" tag="856">
		<subfield code="u">http://hdl.handle.net/2333.1/hmgqnrq0</subfield>
	</datafield>
	<datafield ind1="1" ind2=" " tag="880">
		<subfield code="6">100-01/(3/r</subfield>
		<subfield code="a">امين، احمد،</subfield>
		<subfield code="d">1886-1954،</subfield>
		<subfield code="e">مؤلف. </subfield>
		<subfield code="4">aut.</subfield>
	</datafield>
	<datafield ind1="1" ind2="0" tag="880">
		<subfield code="6">245-02/(3/r</subfield>
		<subfield code="a">فجر الإسلام :</subfield>
		<subfield code="b">كتاب في ثلاثة أجزاء يبحث عن الحالة العقلية و السياسية و الأدبية في صدر الإسلام إلى آخر الدولة الأموية /</subfield>
		<subfield code="c">إشترك في تأليفه طه حسين، وأحمد أمين، وعبد الحميد العبادي.</subfield>
	</datafield>
	<datafield ind1=" " ind2="1" tag="880">
		<subfield code="6">264-03/(3/r</subfield>
		<subfield code="a">مصر :</subfield>
		<subfield code="b">لجنة التأليف والترجمة والنشر،</subfield>
		<subfield code="c">1347 [هـ.] = 1928 [م.]</subfield>
	</datafield>
	<datafield ind1=" " ind2=" " tag="880">
		<subfield code="6">300-04/(3/r</subfield>
		<subfield code="a">د-ص، 355، 4  صفحات ؛</subfield>
		<subfield code="c">24 سم</subfield>
	</datafield>
	<datafield ind1="1" ind2=" " tag="880">
		<subfield code="6">775-05/(3/r</subfield>
		<subfield code="t">فجر الإسلام : يبحث عن الحياة العقلية في صدر الإسلام إلى آخر الدولة الأموية.</subfield>
		<subfield code="b">الطبعة السادسة</subfield>
		<subfield code="d">القاهرة : مكتبة النهضة المصرية، 1950</subfield>
		<subfield code="w">b12338904</subfield>
		<subfield code="w">(OCoLC)784211806</subfield>
	</datafield>
	<datafield ind1="1" ind2=" " tag="880">
		<subfield code="6">775-06/(3/r</subfield>
		<subfield code="t">فجر الإسلام</subfield>
		<subfield code="b">الطبعة الأولى</subfield>
		<subfield code="d">بيروت، دار الكتب العلمية، 2004</subfield>
		<subfield code="w">b1351023x</subfield>
		<subfield code="w">(OCoLC)784555599</subfield>
	</datafield>
	<datafield ind1=" " ind2=" " tag="959">
		<subfield code="a">NNU</subfield>
		<subfield code="b">WEB</subfield>
		<subfield code="c">GENI</subfield>
		<subfield code="t">0</subfield>
		<subfield code="m">Electronic access</subfield>
		<subfield code="s">01</subfield>
	</datafield>
	<datafield ind1=" " ind2=" " tag="999">
		<subfield code="i">LeBAU_b13349120</subfield>
		<subfield code="s">aub_aco001426:v.1</subfield>
		<subfield code="e">(ERROR-880)(ERROR-MISC)</subfield>
	</datafield>
</record>
